@book{getting_started_with_Angular,
  author         = {Victor Hugo Garcia},
  edition        = {1},
  publisher      = {Apress Berkeley, CA},
  title          = {Getting Started with Angular},
  year           = {2023},
  doi            = {https://doi.org/10.1007/978-1-4842-9206-8}  
}

@online{angular_v16, 
  url = {https://angular.io/guide/update-to-version-16},
  title = {Update Angular to v16},
  urldate = {2023-10-28}
}

@online{GDS, 
  url = {https://www.thesprintbook.com/the-design-sprint},
  title = {The Design Sprint},
  urldate = {2023-11-14}
}